<?xml version="1.0" encoding="UTF-8"?>
<!DOCTYPE html PUBLIC "-//W3C//DTD XHTML 1.0 Transitional//EN"
    "http://www.w3.org/TR/xhtml1/DTD/xhtml1-transitional.dtd">
<html xmlns="http://www.w3.org/1999/xhtml" xml:lang="en" lang="en">
 <head>
  <title>
</title>
<meta http-equiv="Content-Type" content="text/html;charset=utf-8" />
  <meta name='ocr-system' content='tesseract 3.04.00' />
  <meta name='ocr-capabilities' content='ocr_page ocr_carea ocr_par ocr_line ocrx_word'/>
</head>
<body>
  <div class='ocr_page' id='page_1' title='image "./flherborn00leergoog_0022.png"; bbox 0 0 2581 4650; ppageno 0'>
   <div class='ocr_carea' id='block_1_1' title="bbox 1150 169 1803 246">
    <p class='ocr_par' dir='ltr' id='par_1_1' title="bbox 1150 169 1803 246">
     <span class='ocr_line' id='line_1_1' title="bbox 1150 169 1803 246; baseline 0.008 -19"><span class='ocrx_word' id='word_1_1' title='bbox 1150 169 1685 233; x_wconf 72' lang='lat' dir='ltr'>PRAEFATI</span> <span class='ocrx_word' id='word_1_2' title='bbox 1716 173 1803 246; x_wconf 62' lang='grc' dir='ltr'>Ο.</span> 
     </span>
    </p>
   </div>
   <div class='ocr_carea' id='block_1_2' title="bbox 270 328 2550 2509">
    <p class='ocr_par' dir='ltr' id='par_1_2' title="bbox 270 328 2550 2509">
     <span class='ocr_line' id='line_1_2' title="bbox 426 328 2499 483; baseline 0.015 -53"><span class='ocrx_word' id='word_1_3' title='bbox 426 368 520 431; x_wconf 83' lang='lat' dir='ltr'>ut</span> <span class='ocrx_word' id='word_1_4' title='bbox 581 346 875 459; x_wconf 84' lang='lat' dir='ltr'>figuras</span> <span class='ocrx_word' id='word_1_5' title='bbox 932 328 1242 441; x_wconf 79' lang='lat' dir='ltr'>summa</span> <span class='ocrx_word' id='word_1_6' title='bbox 1304 328 1492 469; x_wconf 73' lang='lat' dir='ltr'>cum</span> <span class='ocrx_word' id='word_1_7' title='bbox 1556 359 2067 463; x_wconf 72' lang='lat' dir='ltr'>admiratione</span> <span class='ocrx_word' id='word_1_8' title='bbox 2114 365 2499 483; x_wconf 80' lang='lat' dir='ltr'>depinge·</span> 
     </span>
     <span class='ocr_line' id='line_1_3' title="bbox 423 493 2502 612; baseline 0.012 -32"><span class='ocrx_word' id='word_1_9' title='bbox 423 519 650 595; x_wconf 87' lang='lat' dir='ltr'>rem,</span> <span class='ocrx_word' id='word_1_10' title='bbox 707 493 1410 612; x_wconf 62' lang='lat' dir='ltr'>easquedepiRaS‚</span> <span class='ocrx_word' id='word_1_11' title='bbox 1469 501 1936 608; x_wconf 79' lang='lat' dir='ltr'>quasaliena</span> <span class='ocrx_word' id='word_1_12' title='bbox 1971 533 2256 598; x_wconf 86' lang='lat' dir='ltr'>manus</span> <span class='ocrx_word' id='word_1_13' title='bbox 2280 515 2502 604; x_wconf 85' lang='lat' dir='ltr'>forte</span> 
     </span>
     <span class='ocr_line' id='line_1_4' title="bbox 344 638 2500 754; baseline -0.004 -15"><span class='ocrx_word' id='word_1_14' title='bbox 344 661 356 674; x_wconf 89' lang='lat'>&#39;</span> <span class='ocrx_word' id='word_1_15' title='bbox 426 645 985 747; x_wconf 76' lang='lat' dir='ltr'>deformasset,</span> <span class='ocrx_word' id='word_1_16' title='bbox 1062 671 1253 735; x_wconf 88' lang='lat' dir='ltr'>cum</span> <span class='ocrx_word' id='word_1_17' title='bbox 1311 638 2500 754; x_wconf 70' lang='lat' dir='ltr'>Chalcographimanuduffio·</span> 
     </span>
     <span class='ocr_line' id='line_1_5' title="bbox 423 784 2550 910; baseline 0.001 -32"><span class='ocrx_word' id='word_1_18' title='bbox 423 823 524 882; x_wconf 90' lang='lat' dir='ltr'>ne</span> <span class='ocrx_word' id='word_1_19' title='bbox 569 786 1038 885; x_wconf 85' lang='lat' dir='ltr'>destituerer</span> <span class='ocrx_word' id='word_1_20' title='bbox 1106 787 1268 898; x_wconf 80' lang='lat' dir='ltr'>ipse</span> <span class='ocrx_word' id='word_1_21' title='bbox 1327 787 1487 870; x_wconf 81' lang='lat' dir='ltr'>aeri</span> <span class='ocrx_word' id='word_1_22' title='bbox 1552 784 1977 897; x_wconf 83' lang='lat' dir='ltr'>inciderem</span> <span class='ocrx_word' id='word_1_23' title='bbox 2028 841 2055 885; x_wconf 84' lang='lat'><strong>,</strong></span> <span class='ocrx_word' id='word_1_24' title='bbox 2134 790 2498 910; x_wconf 77' lang='lat' dir='ltr'>caelique</span> <span class='ocrx_word' id='word_1_25' title='bbox 2549 884 2550 893; x_wconf 11' lang='grc' dir='ltr'><strong><em>Ν</em></strong></span> 
     </span>
     <span class='ocr_line' id='line_1_6' title="bbox 418 925 2512 1050; baseline 0 -26"><span class='ocrx_word' id='word_1_26' title='bbox 418 938 654 1024; x_wconf 89' lang='lat' dir='ltr'>usum</span> <span class='ocrx_word' id='word_1_27' title='bbox 691 934 1113 1047; x_wconf 81' lang='lat' dir='ltr'>discerem,</span> <span class='ocrx_word' id='word_1_28' title='bbox 1170 925 1402 1034; x_wconf 86' lang='lat' dir='ltr'>cujus</span> <span class='ocrx_word' id='word_1_29' title='bbox 1438 955 1589 1041; x_wconf 90' lang='lat' dir='ltr'>ope</span> <span class='ocrx_word' id='word_1_30' title='bbox 1623 925 1898 1016; x_wconf 81' lang='lat' dir='ltr'>omiffa</span> <span class='ocrx_word' id='word_1_31' title='bbox 1930 925 2264 1047; x_wconf 82' lang='lat' dir='ltr'>aliaque</span> <span class='ocrx_word' id='word_1_32' title='bbox 2278 963 2512 1050; x_wconf 80' lang='lat' dir='ltr'><strong>aqua·</strong></span> 
     </span>
     <span class='ocr_line' id='line_1_7' title="bbox 413 1048 2492 1192; baseline -0.001 -22"><span class='ocrx_word' id='word_1_33' title='bbox 413 1080 607 1171; x_wconf 91' lang='lat' dir='ltr'>forti</span> <span class='ocrx_word' id='word_1_34' title='bbox 638 1048 1121 1187; x_wconf 82' lang='lat' dir='ltr'>defigurata,</span> <span class='ocrx_word' id='word_1_35' title='bbox 1160 1075 1589 1161; x_wconf 85' lang='lat' dir='ltr'>emendare</span> <span class='ocrx_word' id='word_1_36' title='bbox 1607 1073 2130 1187; x_wconf 81' lang='lat' dir='ltr'>expolireque</span> <span class='ocrx_word' id='word_1_37' title='bbox 2147 1078 2492 1192; x_wconf 78' lang='lat' dir='ltr'>possem.</span> 
     </span>
     <span class='ocr_line' id='line_1_8' title="bbox 525 1217 2492 1333; baseline 0.002 -25"><span class='ocrx_word' id='word_1_38' title='bbox 525 1225 946 1333; x_wconf 79' lang='lat' dir='ltr'>Quantum</span> <span class='ocrx_word' id='word_1_39' title='bbox 997 1217 1293 1302; x_wconf 83' lang='lat' dir='ltr'>laboris</span> <span class='ocrx_word' id='word_1_40' title='bbox 1331 1217 1417 1304; x_wconf 71' lang='grc' dir='ltr'>δε</span> <span class='ocrx_word' id='word_1_41' title='bbox 1466 1220 1769 1330; x_wconf 86' lang='lat' dir='ltr'>negotii</span> <span class='ocrx_word' id='word_1_42' title='bbox 1823 1244 2021 1305; x_wconf 88' lang='lat' dir='ltr'>vero</span> <span class='ocrx_word' id='word_1_43' title='bbox 2061 1218 2307 1331; x_wconf 84' lang='lat' dir='ltr'><strong>hujus</strong></span> <span class='ocrx_word' id='word_1_44' title='bbox 2333 1227 2492 1312; x_wconf 83' lang='lat' dir='ltr'>Ar-</span> 
     </span>
     <span class='ocr_line' id='line_1_9' title="bbox 409 1338 2491 1501; baseline 0 -47"><span class='ocrx_word' id='word_1_45' title='bbox 409 1376 509 1460; x_wconf 87' lang='lat' dir='ltr'>tis</span> <span class='ocrx_word' id='word_1_46' title='bbox 560 1371 939 1483; x_wconf 84' lang='lat' dir='ltr'>primaria</span> <span class='ocrx_word' id='word_1_47' title='bbox 964 1338 1587 1476; x_wconf 85' lang='lat' dir='ltr'>Experimenta</span> <span class='ocrx_word' id='word_1_48' title='bbox 1626 1362 1830 1455; x_wconf 87' lang='lat' dir='ltr'>mihi</span> <span class='ocrx_word' id='word_1_49' title='bbox 1873 1360 2267 1475; x_wconf 84' lang='lat' dir='ltr'>fecerint,</span> <span class='ocrx_word' id='word_1_50' title='bbox 2343 1380 2491 1501; x_wconf 62' lang='lat' dir='ltr'>vig</span> 
     </span>
     <span class='ocr_line' id='line_1_10' title="bbox 406 1504 2486 1628; baseline 0.003 -28"><span class='ocrx_word' id='word_1_51' title='bbox 406 1515 865 1628; x_wconf 88' lang='lat' dir='ltr'>exprimere</span> <span class='ocrx_word' id='word_1_52' title='bbox 894 1504 1249 1623; x_wconf 73' lang='lat' dir='ltr'>possum.</span> <span class='ocrx_word' id='word_1_53' title='bbox 1422 1505 1656 1616; x_wconf 76' lang='lat' dir='ltr'>Quae</span> <span class='ocrx_word' id='word_1_54' title='bbox 1687 1531 1878 1619; x_wconf 86' lang='lat' dir='ltr'>cum</span> <span class='ocrx_word' id='word_1_55' title='bbox 1920 1510 2027 1593; x_wconf 87' lang='lat' dir='ltr'>ita</span> <span class='ocrx_word' id='word_1_56' title='bbox 2071 1509 2217 1600; x_wconf 83' lang='lat' dir='ltr'>sint</span> <span class='ocrx_word' id='word_1_57' title='bbox 2250 1513 2360 1608; x_wconf 83' lang='lat' dir='ltr'>L.</span> <span class='ocrx_word' id='word_1_58' title='bbox 2393 1520 2486 1612; x_wconf 87' lang='grc' dir='ltr'>Β.</span> 
     </span>
     <span class='ocr_line' id='line_1_11' title="bbox 408 1636 2486 1778; baseline -0.002 -23"><span class='ocrx_word' id='word_1_59' title='bbox 408 1692 579 1754; x_wconf 89' lang='lat' dir='ltr'>non</span> <span class='ocrx_word' id='word_1_60' title='bbox 602 1690 646 1748; x_wconf 83' lang='lat' dir='ltr'><strong>a</strong></span> <span class='ocrx_word' id='word_1_61' title='bbox 673 1686 809 1745; x_wconf 92' lang='lat' dir='ltr'>me</span> <span class='ocrx_word' id='word_1_62' title='bbox 848 1679 942 1741; x_wconf 90' lang='lat' dir='ltr'>ut</span> <span class='ocrx_word' id='word_1_63' title='bbox 986 1649 1560 1741; x_wconf 64' lang='lat' dir='ltr'>autodidaE‘to</span> <span class='ocrx_word' id='word_1_64' title='bbox 1539 1678 1622 1735; x_wconf 87' lang='lat' dir='ltr'>m</span> <span class='ocrx_word' id='word_1_65' title='bbox 1654 1676 1827 1737; x_wconf 83' lang='lat' dir='ltr'>arte</span> <span class='ocrx_word' id='word_1_66' title='bbox 1857 1636 2486 1778; x_wconf 75' lang='lat' dir='ltr'>Ch&#39;alcographi-</span> 
     </span>
     <span class='ocr_line' id='line_1_12' title="bbox 313 1793 2488 1910; baseline 0.002 -19"><span class='ocrx_word' id='word_1_67' title='bbox 313 1807 323 1821; x_wconf 83' lang='lat'>&#39;</span> <span class='ocrx_word' id='word_1_68' title='bbox 407 1833 536 1908; x_wconf 85' lang='lat' dir='ltr'>ca,</span> <span class='ocrx_word' id='word_1_69' title='bbox 592 1795 996 1889; x_wconf 82' lang='lat' dir='ltr'>artificiosa</span> <span class='ocrx_word' id='word_1_70' title='bbox 1029 1794 1449 1910; x_wconf 81' lang='lat' dir='ltr'>specimina</span> <span class='ocrx_word' id='word_1_71' title='bbox 1477 1793 1902 1908; x_wconf 83' lang='lat' dir='ltr'>multaque</span> <span class='ocrx_word' id='word_1_72' title='bbox 1935 1811 2112 1887; x_wconf 82' lang='lat' dir='ltr'>ar&#39;te</span> <span class='ocrx_word' id='word_1_73' title='bbox 2152 1830 2488 1901; x_wconf 82' lang='lat' dir='ltr'>exorna-</span> 
     </span>
     <span class='ocr_line' id='line_1_13' title="bbox 406 1932 2488 2061; baseline 0.007 -34"><span class='ocrx_word' id='word_1_74' title='bbox 406 1975 482 2045; x_wconf 73' lang='lat' dir='ltr'>ta</span> <span class='ocrx_word' id='word_1_75' title='bbox 539 1932 1001 2060; x_wconf 65' lang='lat' dir='ltr'>expestabis</span> <span class='ocrx_word' id='word_1_76' title='bbox 1034 1998 1060 2041; x_wconf 88' lang='lat'>,</span> <span class='ocrx_word' id='word_1_77' title='bbox 1144 1938 1273 2025; x_wconf 88' lang='lat' dir='ltr'>sed</span> <span class='ocrx_word' id='word_1_78' title='bbox 1337 1939 1560 2023; x_wconf 87' lang='lat' dir='ltr'>hisce</span> <span class='ocrx_word' id='word_1_79' title='bbox 1599 1940 1966 2025; x_wconf 85' lang='lat' dir='ltr'>iconibus</span> <span class='ocrx_word' id='word_1_80' title='bbox 2027 1941 2488 2061; x_wconf 83' lang='lat' dir='ltr'>simpliciffi·</span> 
     </span>
     <span class='ocr_line' id='line_1_14' title="bbox 270 2081 2477 2210; baseline 0.005 -35"><span class='ocrx_word' id='word_1_81' title='bbox 270 2098 277 2115; x_wconf 63' lang='lat'>²</span> <span class='ocrx_word' id='word_1_82' title='bbox 400 2117 623 2180; x_wconf 81' lang='lat' dir='ltr'>mam</span> <span class='ocrx_word' id='word_1_83' title='bbox 681 2111 1047 2173; x_wconf 69' lang='lat' dir='ltr'>naturam</span> <span class='ocrx_word' id='word_1_84' title='bbox 1132 2081 1952 2194; x_wconf 75' lang='lat' dir='ltr'>repraesentantibu5‚</span> <span class='ocrx_word' id='word_1_85' title='bbox 2046 2113 2168 2178; x_wconf 71' lang='lat' dir='ltr'>ut⁸¹</span> <span class='ocrx_word' id='word_1_86' title='bbox 2199 2091 2477 2210; x_wconf 79' lang='lat' dir='ltr'>spero,</span> 
     </span>
     <span class='ocr_line' id='line_1_15' title="bbox 395 2231 2328 2337; baseline -0.001 -20"><span class='ocrx_word' id='word_1_87' title='bbox 395 2257 824 2319; x_wconf 79' lang='lat' dir='ltr'>contentus</span> <span class='ocrx_word' id='word_1_88' title='bbox 860 2231 1044 2316; x_wconf 86' lang='lat' dir='ltr'>eris.</span> <span class='ocrx_word' id='word_1_89' title='bbox 1166 2331 1169 2336; x_wconf 23' lang='lat'>¹</span> <span class='ocrx_word' id='word_1_90' title='bbox 2133 2258 2136 2261; x_wconf 89' lang='lat'>·</span> <span class='ocrx_word' id='word_1_91' title='bbox 2191 2312 2194 2315; x_wconf 83' lang='lat'>.</span> <span class='ocrx_word' id='word_1_92' title='bbox 2252 2316 2258 2320; x_wconf 82' lang='grc'><strong>,</strong></span> <span class='ocrx_word' id='word_1_93' title='bbox 2317 2306 2328 2337; x_wconf 64' lang='grc'>,</span> 
     </span>
     <span class='ocr_line' id='line_1_16' title="bbox 409 2331 2481 2509; baseline 0.002 -48"><span class='ocrx_word' id='word_1_94' title='bbox 409 2480 421 2493; x_wconf 34' lang='lat'><strong><em>¹</em></strong></span> <span class='ocrx_word' id='word_1_95' title='bbox 514 2375 1151 2468; x_wconf 59' lang='lat' dir='ltr'>Animusffnihi</span> <span class='ocrx_word' id='word_1_96' title='bbox 1146 2400 1349 2470; x_wconf 81' lang='lat' dir='ltr'>erat</span> <span class='ocrx_word' id='word_1_97' title='bbox 1382 2331 1874 2490; x_wconf 76' lang='lat' dir='ltr'>vegetabilia</span> <span class='ocrx_word' id='word_1_98' title='bbox 1922 2379 2481 2509; x_wconf 72' lang='lat' dir='ltr'>Cryptogami.</span> 
     </span>
    </p>
   </div>
   <div class='ocr_carea' id='block_1_3' title="bbox 399 2525 2481 2643">
    <p class='ocr_par' dir='ltr' id='par_1_3' title="bbox 399 2525 2481 2643">
     <span class='ocr_line' id='line_1_17' title="bbox 399 2525 2481 2643; baseline 0.008 -22"><span class='ocrx_word' id='word_1_99' title='bbox 399 2569 518 2643; x_wconf 80' lang='lat' dir='ltr'>ca,</span> <span class='ocrx_word' id='word_1_100' title='bbox 576 2532 910 2622; x_wconf 86' lang='lat' dir='ltr'>Muscos</span> <span class='ocrx_word' id='word_1_101' title='bbox 960 2527 1351 2614; x_wconf 86' lang='lat' dir='ltr'>nimirum</span> <span class='ocrx_word' id='word_1_102' title='bbox 1404 2525 1488 2609; x_wconf 66' lang='lat'>81</span> <span class='ocrx_word' id='word_1_103' title='bbox 1535 2528 1828 2641; x_wconf 43' lang='lat' dir='ltr'>Algam·</span> <span class='ocrx_word' id='word_1_104' title='bbox 1902 2543 2119 2629; x_wconf 84' lang='lat' dir='ltr'>hasce</span> <span class='ocrx_word' id='word_1_105' title='bbox 2151 2549 2481 2639; x_wconf 72' lang='lat' dir='ltr'>umbra,-</span> 
     </span>
    </p>
   </div>
   <div class='ocr_carea' id='block_1_4' title="bbox 391 2676 2484 2962">
    <p class='ocr_par' dir='ltr' id='par_1_4' title="bbox 391 2676 2484 2953">
     <span class='ocr_line' id='line_1_18' title="bbox 391 2676 2481 2802; baseline 0.014 -37"><span class='ocrx_word' id='word_1_106' title='bbox 391 2707 582 2770; x_wconf 88' lang='lat' dir='ltr'>rum</span> <span class='ocrx_word' id='word_1_107' title='bbox 613 2682 949 2779; x_wconf 77' lang='lat' dir='ltr'>incolaS,</span> <span class='ocrx_word' id='word_1_108' title='bbox 1018 2676 1320 2802; x_wconf 86' lang='lat' dir='ltr'>quibus</span> <span class='ocrx_word' id='word_1_109' title='bbox 1359 2676 1469 2761; x_wconf 88' lang='lat' dir='ltr'>ob</span> <span class='ocrx_word' id='word_1_110' title='bbox 1503 2681 1980 2794; x_wconf 56' lang='lat' dir='ltr'>strufituram</span> <span class='ocrx_word' id='word_1_111' title='bbox 2014 2702 2481 2797; x_wconf 82' lang='lat' dir='ltr'>mirabilem</span> 
     </span>
     <span class='ocr_line' id='line_1_19' title="bbox 391 2817 2484 2962; baseline 0.005 -51"><span class='ocrx_word' id='word_1_112' title='bbox 391 2829 940 2937; x_wconf 84' lang='lat' dir='ltr'>eximiamque</span> <span class='ocrx_word' id='word_1_113' title='bbox 1011 2817 1700 2933; x_wconf 85' lang='lat' dir='ltr'>pulchritudinem</span> <span class='ocrx_word' id='word_1_114' title='bbox 1779 2841 2092 2953; x_wconf 72' lang='lat' dir='ltr'>{emper</span> <span class='ocrx_word' id='word_1_115' title='bbox 2120 2853 2484 2962; x_wconf 81' lang='lat' dir='ltr'>amiciffi-</span> 
     </span>
    </p>
   </div>
   <div class='ocr_carea' id='block_1_5' title="bbox 368 2961 2479 3559">
    <p class='ocr_par' dir='ltr' id='par_1_5' title="bbox 368 2961 2479 3559">
     <span class='ocr_line' id='line_1_20' title="bbox 368 2961 2478 3112; baseline 0.013 -49"><span class='ocrx_word' id='word_1_116' title='bbox 368 2961 578 3067; x_wconf 78' lang='lat' dir='ltr'>&#39;mus</span> <span class='ocrx_word' id='word_1_117' title='bbox 604 2971 771 3079; x_wconf 85' lang='lat' dir='ltr'>fui,</span> <span class='ocrx_word' id='word_1_118' title='bbox 830 2998 1219 3085; x_wconf 80' lang='lat' dir='ltr'>tanquam</span> <span class='ocrx_word' id='word_1_119' title='bbox 1260 2980 1690 3068; x_wconf 83' lang='lat' dir='ltr'>secundam</span> <span class='ocrx_word' id='word_1_120' title='bbox 1728 2982 1979 3094; x_wconf 85' lang='lat' dir='ltr'><strong>hujus</strong></span> <span class='ocrx_word' id='word_1_121' title='bbox 2025 2990 2272 3083; x_wconf 80' lang='lat' dir='ltr'>florae</span> <span class='ocrx_word' id='word_1_122' title='bbox 2303 3027 2478 3112; x_wconf 84' lang='lat' dir='ltr'>par-</span> 
     </span>
     <span class='ocr_line' id='line_1_21' title="bbox 392 3109 2479 3249; baseline 0.015 -34"><span class='ocrx_word' id='word_1_123' title='bbox 392 3152 605 3237; x_wconf 85' lang='lat' dir='ltr'>tem,</span> <span class='ocrx_word' id='word_1_124' title='bbox 674 3166 835 3226; x_wconf 90' lang='lat' dir='ltr'>non</span> <span class='ocrx_word' id='word_1_125' title='bbox 878 3145 1140 3221; x_wconf 90' lang='lat' dir='ltr'>multo</span> <span class='ocrx_word' id='word_1_126' title='bbox 1187 3109 1372 3246; x_wconf 82' lang='lat' dir='ltr'>post</span> <span class='ocrx_word' id='word_1_127' title='bbox 1418 3130 1623 3221; x_wconf 85' lang='lat' dir='ltr'>hane</span> <span class='ocrx_word' id='word_1_128' title='bbox 1663 3140 2011 3249; x_wconf 77' lang='lat' dir='ltr'>primam</span> <span class='ocrx_word' id='word_1_129' title='bbox 2059 3152 2144 3232; x_wconf 90' lang='lat' dir='ltr'>in</span> <span class='ocrx_word' id='word_1_130' title='bbox 2195 3147 2479 3245; x_wconf 77' lang='lat' dir='ltr'>lucem</span> 
     </span>
     <span class='ocr_line' id='line_1_22' title="bbox 390 3280 2477 3408; baseline 0.01 -41"><span class='ocrx_word' id='word_1_131' title='bbox 390 3280 681 3396; x_wconf 81' lang='lat' dir='ltr'>edere3</span> <span class='ocrx_word' id='word_1_132' title='bbox 727 3284 855 3373; x_wconf 87' lang='lat' dir='ltr'>sed</span> <span class='ocrx_word' id='word_1_133' title='bbox 891 3311 1055 3372; x_wconf 86' lang='lat' dir='ltr'>tam</span> <span class='ocrx_word' id='word_1_134' title='bbox 1088 3286 1354 3376; x_wconf 85' lang='lat' dir='ltr'>multa</span> <span class='ocrx_word' id='word_1_135' title='bbox 1386 3296 1458 3376; x_wconf 88' lang='lat' dir='ltr'>se</span> <span class='ocrx_word' id='word_1_136' title='bbox 1486 3296 1688 3378; x_wconf 89' lang='lat' dir='ltr'>mihi</span> <span class='ocrx_word' id='word_1_137' title='bbox 1733 3293 2339 3408; x_wconf 85' lang='lat' dir='ltr'>opposuerunt</span> <span class='ocrx_word' id='word_1_138' title='bbox 2319 3329 2477 3387; x_wconf 74' lang='lat' dir='ltr'>nm-</span> 
     </span>
     <span class='ocr_line' id='line_1_23' title="bbox 384 3428 2476 3559; baseline 0.009 -45"><span class='ocrx_word' id='word_1_139' title='bbox 384 3428 848 3544; x_wconf 83' lang='lat' dir='ltr'>pedimenta</span> <span class='ocrx_word' id='word_1_140' title='bbox 882 3490 909 3534; x_wconf 84' lang='lat'><strong>,</strong></span> <span class='ocrx_word' id='word_1_141' title='bbox 992 3457 1198 3548; x_wconf 81' lang='lat' dir='ltr'>quae</span> <span class='ocrx_word' id='word_1_142' title='bbox 1245 3434 1484 3521; x_wconf 86' lang='lat' dir='ltr'>nullo</span> <span class='ocrx_word' id='word_1_143' title='bbox 1520 3438 1778 3525; x_wconf 88' lang='lat' dir='ltr'>modo</span> <span class='ocrx_word' id='word_1_144' title='bbox 1827 3439 2184 3554; x_wconf 84' lang='lat' dir='ltr'>superari</span> <span class='ocrx_word' id='word_1_145' title='bbox 2245 3470 2476 3559; x_wconf 89' lang='lat' dir='ltr'>pote-</span> 
     </span>
    </p>
   </div>
   <div class='ocr_carea' id='block_1_6' title="bbox 314 3581 2474 3991">
    <p class='ocr_par' dir='ltr' id='par_1_6' title="bbox 314 3581 2474 3991">
     <span class='ocr_line' id='line_1_24' title="bbox 374 3581 2472 3701; baseline 0.01 -41.071"><span class='ocrx_word' id='word_1_146' title='bbox 374 3596 629 3677; x_wconf 83' lang='lat' dir='ltr'>rant,</span> <span class='ocrx_word' id='word_1_147' title='bbox 663 3598 960 3691; x_wconf 85' lang='lat' dir='ltr'>meque</span> <span class='ocrx_word' id='word_1_148' title='bbox 990 3581 1092 3667; x_wconf 81' lang='lat' dir='ltr'>ab</span> <span class='ocrx_word' id='word_1_149' title='bbox 1128 3598 1286 3669; x_wconf 86' lang='lat' dir='ltr'>hoc</span> <span class='ocrx_word' id='word_1_150' title='bbox 1318 3612 1567 3699; x_wconf 89' lang='lat' dir='ltr'>opere</span> <span class='ocrx_word' id='word_1_151' title='bbox 1601 3588 2085 3701; x_wconf 86' lang='lat' dir='ltr'>perficiendo</span> <span class='ocrx_word' id='word_1_152' title='bbox 2113 3592 2472 3686; x_wconf 82' lang='lat' dir='ltr'>detinue</span> 
     </span>
     <span class='ocr_line' id='line_1_25' title="bbox 314 3717 2470 3852; baseline 0.014 -56"><span class='ocrx_word' id='word_1_153' title='bbox 314 3787 319 3796; x_wconf 83' lang='grc'><strong><em>,</em></strong></span> <span class='ocrx_word' id='word_1_154' title='bbox 381 3739 639 3824; x_wconf 88' lang='lat' dir='ltr'>runt.</span> <span class='ocrx_word' id='word_1_155' title='bbox 774 3717 1205 3835; x_wconf 83' lang='lat' dir='ltr'>Propterea</span> <span class='ocrx_word' id='word_1_156' title='bbox 1248 3729 1451 3813; x_wconf 83' lang='lat' dir='ltr'>hanc</span> <span class='ocrx_word' id='word_1_157' title='bbox 1518 3749 1830 3841; x_wconf 84' lang='lat' dir='ltr'>partem</span> <span class='ocrx_word' id='word_1_158' title='bbox 1885 3762 2092 3822; x_wconf 82' lang='lat' dir='ltr'>cum</span> <span class='ocrx_word' id='word_1_159' title='bbox 2124 3734 2470 3852; x_wconf 84' lang='lat' dir='ltr'>Crypto-</span> 
     </span>
     <span class='ocr_line' id='line_1_26' title="bbox 374 3861 2474 3991; baseline 0.013 -45"><span class='ocrx_word' id='word_1_160' title='bbox 374 3861 634 3973; x_wconf 80' lang='lat' dir='ltr'>gamia</span> <span class='ocrx_word' id='word_1_161' title='bbox 655 3920 682 3966; x_wconf 86' lang='lat'><strong>,</strong></span> <span class='ocrx_word' id='word_1_162' title='bbox 738 3887 991 3974; x_wconf 78' lang='lat' dir='ltr'>quam</span> <span class='ocrx_word' id='word_1_163' title='bbox 1026 3863 1187 3955; x_wconf 85' lang='lat' dir='ltr'>fine</span> <span class='ocrx_word' id='word_1_164' title='bbox 1217 3894 1306 3953; x_wconf 80' lang='lat' dir='ltr'>ea</span> <span class='ocrx_word' id='word_1_165' title='bbox 1325 3871 1793 3964; x_wconf 77' lang='lat' dir='ltr'>mutilatam</span> <span class='ocrx_word' id='word_1_166' title='bbox 1807 3902 1896 3966; x_wconf 83' lang='lat' dir='ltr'>ac</span> <span class='ocrx_word' id='word_1_167' title='bbox 1910 3873 2474 3991; x_wconf 67' lang='lat' dir='ltr'>1mperfeaam</span> 
     </span>
    </p>
   </div>
   <div class='ocr_carea' id='block_1_7' title="bbox 2201 4028 2482 4162">
    <p class='ocr_par' dir='ltr' id='par_1_7' title="bbox 2201 4028 2482 4162">
     <span class='ocr_line' id='line_1_27' title="bbox 2201 4028 2482 4162; baseline -0.025 -41"><span class='ocrx_word' id='word_1_168' title='bbox 2201 4028 2482 4162; x_wconf 70' lang='lat' dir='ltr'>publi-</span> 
     </span>
    </p>
   </div>
  </div>
 </body>
</html>
